@article {black73,
    title = {The pricing of options and corporate liabilities},
    author = {Black, Fischer and Scholes, Myron},
    journal = {The Journal of Political Economy},
    volume = {81},
    issue = {3},
    year = {1973},
    pages = {637--654},
}
